<?xml version="1.0" encoding="utf-8"?>
<record xmlns="http://www.loc.gov/MARC21/slim" xmlns:xsi="http://www.w3.org/2001/XMLSchema-instance" xsi:schemaLocation="http://www.loc.gov/MARC21/slim http://www.loc.gov/standards/marcxml/schema/MARC21slim.xsd">
	<leader>
		02948nam a2200481   4500
	</leader>
	<controlfield tag="001">
		598707
	</controlfield>
	<controlfield tag="003">
		NNC
	</controlfield>
	<controlfield tag="006">
		m        d        
	</controlfield>
	<controlfield tag="007">
		cr cn |||m|||a
	</controlfield>
	<controlfield tag="008">
		151007q19801985ir      o     000 0 ara d
	</controlfield>
	<datafield ind1=" " ind2=" " tag="040">
		<subfield code="a">
			NNU
		</subfield>
		<subfield code="b">
			eng
		</subfield>
		<subfield code="e">
			rda
		</subfield>
		<subfield code="c">
			NNU
		</subfield>
	</datafield>
	<datafield ind1=" " ind2="4" tag="050">
		<subfield code="a">
			BP130.4.B27 1980z
		</subfield>
	</datafield>
	<datafield ind1="1" ind2=" " tag="100">
		<subfield code="6">
			880-01
		</subfield>
		<subfield code="a">
			Baḥrānī, Hāshim ibn Sulaymān,
		</subfield>
		<subfield code="d">
			-approximately 1696.
		</subfield>
	</datafield>
	<datafield ind1="1" ind2="0" tag="240">
		<subfield code="6">
			880-02
		</subfield>
		<subfield code="a">
			Burhān fī tafsīr al-Qurʼān
		</subfield>
	</datafield>
	<datafield ind1="1" ind2="0" tag="245">
		<subfield code="6">
			880-03
		</subfield>
		<subfield code="a">
			Kitāb al-burhān fī tafsīr al-Qurʼān /
		</subfield>
		<subfield code="c">
			li-muʼallifih Hāshim ibn Sulaymān al-Baḥrānī al-Tawbalī al-Katkānī.
		</subfield>
	</datafield>
	<datafield ind1=" " ind2=" " tag="260">
		<subfield code="6">
			880-04
		</subfield>
		<subfield code="a">
			Qum, Iran :
		</subfield>
		<subfield code="b">
			Muʼassasah Matbuʻati Ismaʻiliyan,
		</subfield>
		<subfield code="c">
			[198-?]
		</subfield>
	</datafield>
	<datafield ind1=" " ind2=" " tag="300">
		<subfield code="a">
			online resource (5 volumes)
		</subfield>
	</datafield>
	<datafield ind1=" " ind2=" " tag="336">
		<subfield code="a">
			text
		</subfield>
		<subfield code="2">
			rdacontent
		</subfield>
	</datafield>
	<datafield ind1=" " ind2=" " tag="337">
		<subfield code="a">
			computer
		</subfield>
		<subfield code="2">
			rdamedia
		</subfield>
	</datafield>
	<datafield ind1=" " ind2=" " tag="338">
		<subfield code="a">
			online resource
		</subfield>
		<subfield code="2">
			rdacarrier
		</subfield>
	</datafield>
	<datafield ind1=" " ind2=" " tag="500">
		<subfield code="a">
			Introductory vol. (al-Muqaddimah), with imprint date 1393 H., unnumbered and called vol. 5.
		</subfield>
	</datafield>
	<datafield ind1=" " ind2=" " tag="500">
		<subfield code="a">
			Vol. 1: al-ṭabʻah 2; v. 2-4: al-ṭabʻah 3.
		</subfield>
	</datafield>
	<datafield ind1=" " ind2=" " tag="500">
		<subfield code="a">
			Vol. 1 has date of imprint 1375 H., v. 2-4, 1393 H.
		</subfield>
	</datafield>
	<datafield ind1=" " ind2=" " tag="500">
		<subfield code="a">
			Place of publication varies.
		</subfield>
	</datafield>
	<datafield ind1=" " ind2=" " tag="500">
		<subfield code="a">
			Part of the Arabic Collections Online (ACO) project, contributed by Columbia University Libraries.
		</subfield>
	</datafield>
	<datafield ind1=" " ind2=" " tag="533">
		<subfield code="a">
			Electronic reproduction.
		</subfield>
		<subfield code="b">
			New York, N.Y. :
		</subfield>
		<subfield code="c">
			New York University,
		</subfield>
		<subfield code="d">
			2015.
		</subfield>
		<subfield code="5">
			NNU
		</subfield>
	</datafield>
	<datafield ind1="0" ind2="0" tag="630">
		<subfield code="a">
			Qurʼan
		</subfield>
		<subfield code="v">
			Commentaries.
		</subfield>
	</datafield>
	<datafield ind1="0" ind2="7" tag="630">
		<subfield code="a">
			Qurʼan.
		</subfield>
		<subfield code="2">
			fast
		</subfield>
		<subfield code="0">
			(OCoLC)fst01842877
		</subfield>
	</datafield>
	<datafield ind1=" " ind2="7" tag="655">
		<subfield code="a">
			Commentaries.
		</subfield>
		<subfield code="2">
			fast
		</subfield>
		<subfield code="0">
			(OCoLC)fst01423723
		</subfield>
	</datafield>
	<datafield ind1="2" ind2=" " tag="710">
		<subfield code="a">
			Columbia University.
		</subfield>
		<subfield code="b">
			Libraries.
		</subfield>
	</datafield>
	<datafield ind1="0" ind2=" " tag="730">
		<subfield code="a">
			Arabic Collections Online.
		</subfield>
	</datafield>
	<datafield ind1="0" ind2=" " tag="740">
		<subfield code="6">
			880-05
		</subfield>
		<subfield code="a">
			Burhān fī tafsīr al-Qurʼān.
		</subfield>
	</datafield>
	<datafield ind1="0" ind2=" " tag="740">
		<subfield code="6">
			880-06
		</subfield>
		<subfield code="a">
			Muqaddimat tafsīr mirʼāt al-anwār wa-mashkūt al-asrār.
		</subfield>
	</datafield>
	<datafield ind1="0" ind2="8" tag="776">
		<subfield code="i">
			Print version:
		</subfield>
		<subfield code="a">
			Baḥrānī, Hāshim ibn Sulaymān, -approximately 1696.
		</subfield>
		<subfield code="t">
			Kitāb al-burhān fī tafsīr al-Qurʼān
		</subfield>
		<subfield code="w">
			(NNC)598707
		</subfield>
		<subfield code="w">
			(DLC)   85931769 
		</subfield>
		<subfield code="w">
			(OCoLC)78412549
		</subfield>
	</datafield>
	<datafield ind1="4" ind2="0" tag="856">
		<subfield code="u">
			http://hdl.handle.net/2333.1/cnp5hsw2
		</subfield>
	</datafield>
	<datafield ind1="1" ind2=" " tag="880">
		<subfield code="6">
			100-01/r
		</subfield>
		<subfield code="a">
			هاشم بن سليمان البحرانى، 
		</subfield>
		<subfield code="d">
			-approximately 1696.
		</subfield>
	</datafield>
	<datafield ind1="1" ind2="0" tag="880">
		<subfield code="6">
			240-02/r
		</subfield>
		<subfield code="a">
			برهان فى تفسير القرآن
		</subfield>
	</datafield>
	<datafield ind1="1" ind2="0" tag="880">
		<subfield code="6">
			245-03/r
		</subfield>
		<subfield code="a">
			كتاب البرهان فى تفسير القرآن /
		</subfield>
		<subfield code="c">
			لمؤلفه هاشم بن سليمان البحرانى التوبلى الكتكانى ؛ وقف على تصحيحه محمود بن جعفر المسوى الزرندى.
		</subfield>
	</datafield>
	<datafield ind1=" " ind2=" " tag="880">
		<subfield code="6">
			260-04/r
		</subfield>
		<subfield code="a">
			قم، ايران :
		</subfield>
		<subfield code="b">
			مؤسسة متبعت اسمعلين،
		</subfield>
		<subfield code="c">
			[198؟]
		</subfield>
	</datafield>
	<datafield ind1="0" ind2=" " tag="880">
		<subfield code="6">
			740-05/r
		</subfield>
		<subfield code="a">
			برهان في تفسير القرآن.
		</subfield>
	</datafield>
	<datafield ind1="0" ind2=" " tag="880">
		<subfield code="6">
			740-06/r
		</subfield>
		<subfield code="a">
			مقدمة تفسير مرآه الانوار ومشكوت الاسرار.
		</subfield>
	</datafield>
	<datafield ind1=" " ind2=" " tag="959">
		<subfield code="a">
			NNU
		</subfield>
		<subfield code="b">
			WEB
		</subfield>
		<subfield code="c">
			GENI
		</subfield>
		<subfield code="t">
			0
		</subfield>
		<subfield code="m">
			Electronic access
		</subfield>
		<subfield code="s">
			01
		</subfield>
	</datafield>
	<datafield ind1=" " ind2=" " tag="999">
		<subfield code="i">
			NNC_598707
		</subfield>
		<subfield code="o">
			(OCoLC)ocm78412549
		</subfield>
		<subfield code="s">
			columbia_aco000904:v.1
		</subfield>
		<subfield code="s">
			columbia_aco000905:v.2
		</subfield>
		<subfield code="s">
			columbia_aco000906:v.3
		</subfield>
		<subfield code="s">
			columbia_aco000907:v.4
		</subfield>
		<subfield code="s">
			columbia_aco000908:v.5
		</subfield>
		<subfield code="e">
			(ERROR-880)
		</subfield>
		<subfield code="s">
			columbia_aco000904:v.1
		</subfield>
		<subfield code="s">
			columbia_aco000905:v.2
		</subfield>
		<subfield code="s">
			columbia_aco000906:v.3
		</subfield>
		<subfield code="s">
			columbia_aco000907:v.4
		</subfield>
		<subfield code="s">
			columbia_aco000908:v.5
		</subfield>
	</datafield>
</record>
